<?xml version="1.0" encoding="UTF-8"?><collection xmlns="http://www.loc.gov/MARC21/slim"><record><leader>00492nam--2200181-u-4500</leader><controlfield tag="001">000053913</controlfield><controlfield tag="002">20161230</controlfield><controlfield tag="005">20161230201051</controlfield><controlfield tag="008">110705s1000------------r-----000-0-eng-d</controlfield><datafield ind1=" " ind2=" " tag="040"><subfield code="a">IFIN-HH</subfield></datafield><datafield ind1=" " ind2=" " tag="080"><subfield code="a">537.226</subfield></datafield><datafield ind1="1" ind2=" " tag="100"><subfield code="a">Whitehead, S</subfield></datafield><datafield ind1="1" ind2="0" tag="245"><subfield code="a">Dielectric breakdown of solids</subfield><subfield code="c">S. whitehead</subfield></datafield><datafield ind1=" " ind2=" " tag="260"><subfield code="a">Oxford</subfield><subfield code="b">Calderon Press</subfield><subfield code="c">1953</subfield></datafield><datafield ind1=" " ind2=" " tag="300"><subfield code="a">271P</subfield></datafield><datafield ind1=" " ind2=" " tag="490"><subfield code="a">Monofgraphs On The Physics And Chemistry Of Materials</subfield></datafield><datafield ind1=" " ind2=" " tag="852"><subfield code="a">10493</subfield><subfield code="c">537.226</subfield></datafield><datafield ind1=" " ind2=" " tag="CAT"><subfield code="a">Sys</subfield><subfield code="c">20110705</subfield><subfield code="h">131750</subfield></datafield></record></collection>